@misc{feller,
  title={Introduction to Probability Theory Third Edition, Vol. 1},
  author={Feller, William},
  year={1968},
  publisher={New York: J. Wiley and Sons, Inc}
}

@book{definetti,
  title={Theory of probability: A critical introductory treatment},
  author={De Finetti, Bruno},
  year={2017},
  publisher={John Wiley \& Sons}
}

@incollection{wigner,
  title={The unreasonable effectiveness of mathematics in the natural sciences},
  author={Wigner, Eugene P},
  booktitle={Mathematics and science},
  pages={291--306},
  year={1990},
  publisher={World Scientific}
}


@book{daipra,
  title={Probabilit{\`a}: Un'introduzione attraverso modelli e applicazioni},
  author={Caravenna, Francesco and Dai Pra, Paolo},
  volume={67},
  year={2013},
  publisher={Springer Science \& Business Media}
}


@misc{tao,
  title        = {What's new},
  author       = {Terence Tao},
  note         = {\url{https://terrytao.wordpress.com}}
}

@misc{ilya,
  title        = {Web Page of the Course in Linguistic Data Analysis },
  author       = {Ilya Shurov, },
  year         = 2022,
  note         = {\url{https://www.citedrive.com/overleaf} }
}

@misc{pozdnyakov,
  title        = {Git-hub page of the rdracor package},
  author       = { Ivan Pozdniakov, Frank Fischer},
  note         = {\url{https://github.com/dracor-org/rdracor}  }
}

@misc{moroz,
  title        = { Github page of George Moroz},
  author       = {George Moroz},
  note         = {\url{https://github.com/agricolamz}}
}

@article{hayes,
  title={First links in the Markov chain},
  author={Hayes, Brian and others},
  journal={American Scientist},
  volume={101},
  number={2},
  pages={92},
  year={2013}
}

@article{markov,
  title={An example of statistical investigation of the text Eugene Onegin concerning the connection of samples in chains},
  author={Markov, Andre{\u\i}Andreevich},
  journal={Science in Context},
  volume={19},
  number={4},
  pages={591--600},
  year={2006},
  publisher={Cambridge University Press}
}

@misc{spurious,
  title        = {Tyler's Vigen Blog },
  author       = {Tyler Vigen},
  note         = {\url{https://www.tylervigen.com}}
}

@misc{spurious,
  title        = {Tyler's Vigen Blog },
  author       = {Tyler Vigen},
  note         = {\url{http://math-info.hse.ru/2018-19/Linguistic_Data:_Quantitative_Analysis_and_Visualisation_for_theoretical_linguists}}
}

@book{Ross,
  title={A first course in probability},
  author={Ross, Sheldon M},
  year={2020},
  publisher={Pearson}
}
